@article{REV,
    author  = "Yokoyama, T. and Axelsen, H. B. and Gl{\"u}ck, R.",
    title   = "Fundamentals of Reversible Flowchart Languages",
    year    = "2016",
    journal = "Theoretical Computer Science",
    number  = "611",
    pages   = "87-115"
}

@article{LAN,
    author  = "Landauer, R.",
    title   = "Irreversibility and heat generation in the computing process",
    year    = "1961",
    journal = "IBM Journal of Research and Development",
    volume  = "5",
    number  = "3",
    pages   = "183-191"
}

@manual{CM,
  title   = {CodeMirror: User manual and reference guide},
  url     = {https://codemirror.net/doc/manual.html},
  year    = {(accessed June 1, 2018)},
  version = {5.38.1}
}

@article{ZIP,
    author  = "Huet, G",
    title   = "Functional Pearl --- The Zipper",
    year    = "1997",
    journal = "Functional Programming",
    number  = "7",
    pages   = "549-554"
}
